
@article{DBLP:journals/ivc/KadyrovP03,
  author    = {Alexander Kadyrov and
               Maria Petrou},
  title     = {Object signatures invariant to affine distortions derived
               from the Trace transform},
  journal   = {Image Vision Comput.},
  volume    = {21},
  number    = {13-14},
  year      = {2003},
  pages     = {1135-1143},
  ee        = {http://dx.doi.org/10.1016/j.imavis.2003.08.013},
  bibsource = {DBLP, http://dblp.uni-trier.de}
}
@article{DBLP:journals/pami/KadyrovP01,
  author    = {Alexander Kadyrov and
               Maria Petrou},
  title     = {The Trace Transform and Its Applications},
  journal   = {IEEE Trans. Pattern Anal. Mach. Intell.},
  volume    = {23},
  number    = {8},
  year      = {2001},
  pages     = {811-828},
  ee        = {http://www.computer.org/tpami/tp2001/i0811abs.htm},
  bibsource = {DBLP, http://dblp.uni-trier.de}
}

@inproceedings{Xiong:2008:LRT:1785794.1785842,
 author = {Xiong, Wei and Ong, S. H. and Lee, Weiping and Foong, Kelvin},
 title = {Local radon transform and earth mover's distances for content-based image retrieval},
 booktitle = {Proceedings of the 14th international conference on Advances in multimedia modeling},
 series = {MMM'08},
 year = {2008},
 isbn = {3-540-77407-6, 978-3-540-77407-5},
 location = {Kyoto, Japan},
 pages = {436--445},
 numpages = {10},
 url = {http://portal.acm.org/citation.cfm?id=1785794.1785842},
 acmid = {1785842},
 publisher = {Springer-Verlag},
 address = {Berlin, Heidelberg},
} 
@inproceedings{DBLP:conf/sac/NascimentoC02,
  author    = {Mario A. Nascimento and
               Vishal Chitkara},
  title     = {Color-based image retrieval using binary signatures},
  booktitle = {SAC},
  year      = {2002},
  pages     = {687-692},
  ee        = {http://doi.acm.org/10.1145/508791.508923},
  bibsource = {DBLP, http://dblp.uni-trier.de}
}

